<record><leader>00000cas a22000007a 4500</leader><controlfield tag="001">20697483</controlfield><controlfield tag="008">891127d18821903nduwr ne      0    0eng d</controlfield><datafield ind1=" " ind2=" " tag="010"><subfield code="a">sn 88076567 </subfield></datafield><datafield ind1=" " ind2=" " tag="040"><subfield code="a">NOP</subfield><subfield code="b">eng</subfield><subfield code="c">NOP</subfield><subfield code="d">OCLCQ</subfield></datafield><datafield ind1=" " ind2=" " tag="042"><subfield code="a">msc</subfield></datafield><datafield ind1="0" ind2=" " tag="130"><subfield code="a">Larimore leader (Larimore, N.D. : 1882)</subfield></datafield><datafield ind1="1" ind2="0" tag="245"><subfield code="a">Larimore leader.</subfield></datafield><datafield ind1=" " ind2=" " tag="260"><subfield code="a">Larimore, Dakota [N.D.] :</subfield><subfield code="b">Frank D. Pierce</subfield></datafield><datafield ind1=" " ind2=" " tag="300"><subfield code="a">7 v. :</subfield><subfield code="b">ill. ;</subfield><subfield code="c">52 cm.</subfield></datafield><datafield ind1=" " ind2=" " tag="310"><subfield code="a">Weekly</subfield></datafield><datafield ind1="1" ind2=" " tag="362"><subfield code="a">Began in Mar. 1882; ceased in May 1903.</subfield></datafield><datafield ind1=" " ind2=" " tag="500"><subfield code="a">"Official Paper of the County and City", 1903.</subfield></datafield><datafield ind1=" " ind2=" " tag="530"><subfield code="a">Available on microfilm from the State Historical Society of North Dakota.</subfield></datafield><datafield ind1=" " ind2=" " tag="588"><subfield code="a">Description based on: Vol. 2, no. 21 (July 19, 1883); also called Whole No. 73.</subfield></datafield><datafield ind1=" " ind2=" " tag="752"><subfield code="a">United States</subfield><subfield code="b">North Dakota</subfield><subfield code="c">Grand Forks</subfield><subfield code="d">Larimore.</subfield></datafield><datafield ind1="0" ind2="0" tag="785"><subfield code="t">Lawton leader</subfield><subfield code="w">(DLC)sn 88076544</subfield></datafield></record>